@comment{======  Marinica W-W potential =======}
@article{marinica2013interatomic,
  title={Interatomic potentials for modelling radiation defects and dislocations in tungsten},
  author={Marinica, Mihai-Cosmin and Ventelon, Lisa and Gilbert, MR and Proville, L and Dudarev, SL and Marian, J and Bencteux, G and Willaime, F},
  journal={Journal of Physics: Condensed Matter},
  volume={25},
  number={39},
  pages={395502},
  year={2013},
  publisher={IOP Publishing}
}


@article{bonny2014many,
  title={Many-body central force potentials for tungsten},
  author={Bonny, Giovanni and Terentyev, Dmitry and Bakaev, Alexander and Grigorev, Petr and Van Neck, Dimitri},
  journal={Modelling and Simulation in Materials Science and Engineering},
  volume={22},
  number={5},
  pages={053001},
  year={2014},
  publisher={IOP Publishing}
}


@article{lammpsMD,
  title={Fast parallel algorithms for short-range molecular dynamics},
  author={Plimpton, Steve},
  journal={Journal of computational physics},
  volume={117},
  number={1},
  pages={1--19},
  year={1995},
  publisher={Elsevier}
}


@comment{======  W-H-He EAM potential by Bonny et al. =======}
@article{bonny2014binding,
  title={On the binding of nanometric hydrogen--helium clusters in tungsten},
  author={Bonny, Giovanni and Grigorev, Petr and Terentyev, Dmitry},
  journal={Journal of Physics: Condensed Matter},
  volume={26},
  number={48},
  pages={485001},
  year={2014},
  publisher={IOP Publishing}
}


@article{DudarevDerletPotential,
  title = {Multiscale modeling of crowdion and vacancy defects in body-centered-cubic transition metals},
  author = {Derlet, P. M. and Nguyen-Manh, D. and Dudarev, S. L.},
  journal = {Phys. Rev. B},
  volume = {76},
  issue = {5},
  pages = {054107},
  numpages = {22},
  year = {2007},
  month = {Aug},
  publisher = {American Physical Society},
  doi = {10.1103/PhysRevB.76.054107},
}
@comment{{https://link.aps.org/doi/10.1103/PhysRevB.76.054107}}


@comment{======  Repulsive part of D-D-potential; the universal Ziegler–Biersack–Littmark potential =======}
@article{ziegler1985stopping,
  title={The stopping and range of ions in matter, Vol. 1},
  author={Ziegler, James F and Biersack, JP and Littmark, U},
  journal={1, Pergamon Press, New York},
  year={1985}
}


@comment{====== D-D-pot. fitted by C. Björkas =======}
@article{BjorkasPotential,
title = "Modelling radiation effects using the ab-initio based tungsten and vanadium potentials",
journal = "Nuclear Instruments and Methods in Physics Research Section B: Beam Interactions with Materials and Atoms",
volume = "267",
number = "18",
pages = "3204 - 3208",
year = "2009",
note = "Proceedings of the Ninth International Conference on Computer Simulation of Radiation Effects in Solids",
issn = "0168-583X",
doi = "http://dx.doi.org/10.1016/j.nimb.2009.06.123",
}
@comment{http://www.sciencedirect.com/science/article/pii/S0168583X09007575}


@article{EAMmodel,
  title = {Embedded-atom method: Derivation and application to impurities, surfaces, and other defects in metals},
  author = {Daw, Murray S. and Baskes, M. I.},
  journal = {Phys. Rev. B},
  volume = {29},
  issue = {12},
  pages = {6443--6453},
  numpages = {0},
  year = {1984},
  month = {Jun},
  publisher = {American Physical Society},
}

@comment{====== Basics of potentials, periodic borders etc. =======}
@book{potentialsTheory,
  title={Introduction to computational materials science: fundamentals to applications},
  author={LeSar, Richard},
  year={2013},
  publisher={Cambridge University Press}
}

@article{dudarevEAMpotential,
  title={A 'magnetic' interatomic potential for molecular dynamics simulations},
  author={Dudarev, SL and Derlet, PM},
  journal={Journal of Physics: Condensed Matter},
  volume={17},
  number={44},
  pages={7097},
  year={2005},
  publisher={IOP Publishing}
}

@article{sand150kevWcasc,
	author = "Sand, AE and Dudarev, SL and Nordlund, K",
	journal = "EPL (Europhysics Letters)",
	number = "4",
	pages = "46003",
	publisher = "IOP Publishing",
	title = "{High-energy collision cascades in tungsten: Dislocation loops structure and clustering scaling laws}",
	volume = "103",
	year = "2013"
}


@article{ahlgren2010bond,
	author = "Ahlgren, T and Heinola, K and Juslin, Niklas and Kuronen, Antti",
	journal = "Journal of Applied Physics",
	number = "3",
	pages = "033516",
	publisher = "AIP",
	title = "{Bond-order potential for point and extended defect simulations in tungsten}",
	volume = "107",
	year = "2010"
}

@article{nordlund2006parcas,
	author = "Nordlund, K",
	journal = "The main principles of the molecular dynamics algorithms are presented in",
	pages = "47",
	title = "{PARCAS computer code}",
	volume = "15",
	year = "2006"
}

@comment{======  Picking random, uniformely spaced spherical coordinate angles =======}
@article{weisstein2002sphere,
  title={Sphere point picking},
  author={Weisstein, Eric W},
  journal={Wolfram Research, Inc.},
  year={2002},
  publisher={Wolfram Research, Inc.}
}

@comment{======  E.g. neutron collision calculations. (E-book, second edition) =======}
@book{was2016fundamentals,
  title={Fundamentals of radiation materials science: metals and alloys},
  author={Was, Gary S},
  year={2016},
  publisher={Springer}
}

@comment{======  Why tungsten is a good candidate for a fusion material etc. =======}
@article{kajita2014thermal,
  title={Thermal response of nanostructured tungsten},
  author={Kajita, Shin and De Temmerman, Gregory and Morgan, Thomas and Van Eden, Stein and De Kruif, Thijs and Ohno, Noriyasu},
  journal={Nuclear Fusion},
  volume={54},
  number={3},
  pages={033005},
  year={2014},
  publisher={IOP Publishing}
}

@article{PITTS2013S48,
title = "A full tungsten divertor for ITER: Physics issues and design status",
journal = "Journal of Nuclear Materials",
volume = "438",
number = "",
pages = "S48 - S56",
year = "2013",
note = "Proceedings of the 20th International Conference on Plasma-Surface Interactions in Controlled Fusion Devices",
issn = "0022-3115",
url = "http://www.sciencedirect.com/science/article/pii/S0022311513000160",
author = "R.A. Pitts and S. Carpentier and F. Escourbiac and T. Hirai and V. Komarov and S. Lisgo and A.S. Kukushkin and A. Loarte and M. Merola and A. Sashala Naik and R. Mitteau and M. Sugihara and B. Bazylev and P.C. Stangeby",
}

@article{pitts2011physics,
  title={Physics basis and design of the ITER plasma-facing components},
  author={Pitts, RA and Carpentier, S and Escourbiac, F and Hirai, T and Komarov, V and Kukushkin, AS and Lisgo, S and Loarte, A and Merola, M and Mitteau, R and others},
  journal={Journal of Nuclear Materials},
  volume={415},
  number={1},
  pages={S957--S964},
  year={2011},
  publisher={Elsevier}
}

@comment{======  The Earth has enough lithium and deuterium to provide fusion fuel for 60 million/150 billion years  =======}
@article{ongena2000energy,
  title={Energy for future centuries. Will fusion be an inexhaustible, safe and clean energy source?},
  author={Ongena, JPHE and Van Oost, Guido},
  journal={Fusion Technology},
  volume={37},
  number={2T},
  year={2000},
  publisher={Association EURATOM-Belgian State, Brussels (BE)}
}

@inproceedings{suri2010materials,
  title={Materials issues in fusion reactors},
  author={Suri, AK and Krishnamurthy, N and Batra, IS},
  booktitle={Journal of Physics: Conference Series},
  volume={208},
  pages={012001},
  year={2010},
  organization={IOP Publishing}
}

@comment{======  Fusion powerplants don't risk meltdown  =======}
@book{mccracken2012fusion,
  title={Fusion: the Energy of the Universe},
  author={McCracken, Garry and Stott, Peter},
  year={2012},
  publisher={Academic Press},
  isbn={978-0-12-384656-3},
  pages={198--199}
}

@book{allen1989computer,
  title={Computer simulation of liquids},
  author={Allen, Mike P and Tildesley, Dominic J},
  year={1989},
  publisher={Oxford university press}
}

@article{ovito,
  author={Alexander Stukowski},
  title={Visualization and analysis of atomistic simulation data with OVITO–the Open Visualization Tool},
  journal={Modelling and Simulation in Materials Science and Engineering},
  volume={18},
  number={1},
  pages={015012},
  url={http://stacks.iop.org/0965-0393/18/i=1/a=015012},
  year={2010},
  abstract={The Open Visualization Tool (OVITO) is a new 3D visualization software designed for post-processing atomistic data obtained from molecular dynamics or Monte Carlo simulations. Unique analysis, editing and animations functions are integrated into its easy-to-use graphical user interface. The software is written in object-oriented C++, controllable via Python scripts and easily extendable through a plug-in interface. It is distributed as open-source software and can be downloaded from the website http://ovito.sourceforge.net/ [http://ovito.sourceforge.net/] .}
}



@article{ovitoDislocationAnalysis,
  title={Automated identification and indexing of dislocations in crystal interfaces},
  author={Stukowski, Alexander and Bulatov, Vasily V and Arsenlis, Athanasios},
  journal={Modelling and Simulation in Materials Science and Engineering},
  volume={20},
  number={8},
  pages={085007},
  year={2012},
  publisher={IOP Publishing}
}


@article{ovitoElasticStrain,
  title={On the elastic--plastic decomposition of crystal deformation at the atomic scale},
  author={Stukowski, Alexander and Arsenlis, A},
  journal={Modelling and Simulation in Materials Science and Engineering},
  volume={20},
  number={3},
  pages={035012},
  year={2012},
  publisher={IOP Publishing}
}


@comment{======  Early description of MD simulations  =======}
@article{alder1957phase,
  title={Phase transition for a hard sphere system},
  author={Alder, BJ and Wainwright, TEf},
  journal={The Journal of chemical physics},
  volume={27},
  number={5},
  pages={1208--1209},
  year={1957},
  publisher={AIP Publishing}
}

@article{neu2005tungsten,
  title={Tungsten: an option for divertor and main chamber plasma facing components in future fusion devices},
  author={Neu, R and Dux, R and Kallenbach, A and P{\"u}tterich, T and Balden, M and Fuchs, JC and Herrmann, A and Maggi, CF and O'Mullane, M and Pugno, R and others},
  journal={Nuclear fusion},
  volume={45},
  number={3},
  pages={209},
  year={2005},
  publisher={IOP Publishing}
}

@article{neu1234atomic,
  title={Atomic Data for Tungsten in Fusion Devices},
  author={Neu, R and Dux, R and Kallenbach, A and Fuchs, Ch and Whiteford, A and Summers, HP and others},
  publisher={Citeseer}
}

@comment{======  ITER home page =======}
@misc{Iter1234Divertor,
  title = {ITER Home Page: The Divertor},
  howpublished = {\url{https://www.iter.org/mach/divertor}},
  note = {Accessed 4.7.2019}
}


@comment{======  ITER heat flux & temp info =======}
@misc{IterHeatFlux,
  title = {A blast of heat for ITER's plasma-facing components},
  journal={ITER NEWSLINE},
  number = {251},
  url = {https://www.iter.org/newsline/251/1436},
  note = {Acessed 21.8.2017}
}


@comment{======  Origins of the Tokamak concept =======}
@misc{tokamakorigins,
  title = {Which was the first "tokamak"-or was it "tokomag"?},
  author = {Robert Arnoux},
  journal={ITER NEWSLINE},
  number = {55},
  url = {https://www.iter.org/newsline/55/1194},
  note = {Acessed 1.7.2019}
}


@article{hirai2013iter,
  title={ITER tungsten divertor design development and qualification program},
  author={Hirai, Takeshi and Escourbiac, F and Carpentier-Chouchana, S and Fedosov, A and Ferrand, L and Jokinen, T and Komarov, V and Kukushkin, A and Merola, M and Mitteau, R and others},
  journal={Fusion Engineering and Design},
  volume={88},
  number={9},
  pages={1798--1801},
  year={2013},
  publisher={Elsevier}
}


@article{bolt2004materials,
  title={Materials for the plasma-facing components of fusion reactors},
  author={Bolt, H and Barabash, V and Krauss, W and Linke, J and Neu, R and Suzuki, S and Yoshida, N and Team, ASDEX Upgrade},
  journal={Journal of Nuclear materials},
  volume={329},
  pages={66--73},
  year={2004},
  publisher={Elsevier}
}


@article{bolt2002plasma,
  title={Plasma facing and high heat flux materials--needs for ITER and beyond},
  author={Bolt, H and Barabash, V and Federici, G and Linke, J and Loarte, A and Roth, J and Sato, K},
  journal={Journal of Nuclear Materials},
  volume={307},
  pages={43--52},
  year={2002},
  publisher={Elsevier}
}

@comment{====== Basic info about fusion and e.g. the D-T-picture =======}
@book{shultis2016fundamentals,
  title={Fundamentals of Nuclear Science and Engineering Third Edition},
  author={Shultis, J Kenneth and Faw, Richard E},
  year={2016},
  publisher={CRC press}
}

  	
@article{ASDEXdivertor,
  author={R Neu and K Asmussen and K Krieger and A Thoma and H-S Bosch and S Deschka and R Dux and W Engelhardt and C García-Rosales and O
Gruber and A Herrmann and A Kallenbach and M Kaufmann and V Mertens and F Ryter and V Rohde and J Roth and M Sokoll and A Stäbler and W
Suttrop and M Weinlich and H Zohm and M Alexander and G Becker and K Behler and K Behringer and R Behrisch and A Bergmann and M
Bessenrodt-Weberpals and M Brambilla and H Brinkschulte and K Büchl and A Carlson and R Chodura and D Coster and L Cupido and H J de
Blank and S de Peña Hempel and R Drube and H-U Fahrbach and J-H Feist and W Feneberg and S Fiedler and P Franzen and J C Fuchs and G
Fußmann and J Gafert and O Gehre and J Gernhardt and G Haas and G Herppich and W Herrmann and S Hirsch and M Hoek and F Hoenen and F
Hofmeister and H Hohenöcker and D Jacobi and W Junker and O Kardaun and T Kass and H Kollotzek and W Köppendörfer and B Kurzan and K
Lackner and P T Lang and R S Lang and M Laux and L L Lengyel and F Leuterer and M E Manso and M Maraschek and K-F Mast and P McCarthy and D
Meisel and R Merkel and H W Müller and M Münich and H Murmann and B Napiontek and G Neu and J Neuhauser and M Niethammer and J-M
Noterdaeme and E Pasch and G Pautasso and A G Peeters and G Pereverzev and C S Pitcher and W Poschenrieder and G Raupp and K
Reinmüller and R Riedl and H Röhr and H Salzmann and W Sandmann and H-B Schilling and D Schlögl and H Schneider and R Schneider and W
Schneider and G Schramm and J Schweinzer and B D Scott and U Seidel and F Serra and E Speth and A Silva and K-H Steuer and J Stober and B
Streibl and W Treutterer and M Troppmann and N Tsois and M Ulrich and P Varela and H Verbeek and Ph Verplancke and O Vollmer and H
Wedler and U Wenzel and F Wesner and R Wolf and R Wunderlich and D Zasche and T Zehetbauer and H-P Zehrfeld},
  title={The tungsten divertor experiment at ASDEX Upgrade},
  journal={Plasma Physics and Controlled Fusion},
  volume={38},
  number={12A},
  pages={A165},
  year={1996},
}


@comment{====== E.g. use of Wigner Seiz cell method to locate defects =======}
@article{nordlund1998defect,
  title={Defect production in collision cascades in elemental semiconductors and fcc metals},
  author={Nordlund, K and Ghaly, M and Averback, RS and Caturla, M and de La Rubia, T Diaz and Tarus, J},
  journal={Physical Review B},
  volume={57},
  number={13},
  pages={7556},
  year={1998},
  publisher={APS}
}	


@article{pointdefEffects,
  title={The elastic bulk effect of point defects in metals},
  author={Townsend, JR and DiCarlo, JA and Nielsen, RL and Stabell, D},
  journal={Acta Metallurgica},
  volume={17},
  number={4},
  pages={425--436},
  year={1969},
  publisher={Elsevier}
}


@article{displacementEnergies,
  title={Defect production efficiency in metals under neutron irradiation},
  author={Broeders, CHM and Konobeyev, A Yu},
  journal={Journal of Nuclear Materials},
  volume={328},
  number={2},
  pages={197--214},
  year={2004},
  publisher={Elsevier}
}


@comment{====== neutron collision formulas, radiation hardening etc. =======}
@article{little1976neutron,
  title={Neutron-irradiation hardening in irons and ferritic steels},
  author={Little, EA},
  journal={International Metals Reviews},
  volume={21},
  number={1},
  pages={25--60},
  year={1976},
  publisher={Taylor \& Francis}
}


@article{azevedo2011review,
  title={A review on neutron-irradiation-induced hardening of metallic components},
  author={Azevedo, CRF},
  journal={Engineering Failure Analysis},
  volume={18},
  number={8},
  pages={1921--1942},
  year={2011},
  publisher={Elsevier}
}


@comment{====== Berendsen thermostat =======}
@article{berendsen1984molecular,
  title={Molecular dynamics with coupling to an external bath},
  author={Berendsen, Herman JC and Postma, JPM van and van Gunsteren, Wilfred F and DiNola, ARHJ and Haak, JR},
  journal={The Journal of chemical physics},
  volume={81},
  number={8},
  pages={3684--3690},
  year={1984},
  publisher={AIP}
}

@comment{====== Nose-Hoover thermostat =======}
@article{nose1984unified,
  title={A unified formulation of the constant temperature molecular dynamics methods},
  author={Nos{\'e}, Shuichi},
  journal={The Journal of chemical physics},
  volume={81},
  number={1},
  pages={511--519},
  year={1984},
  publisher={American Institute of Physics}
}


@article{heinolaTungstenDFT,
  title={Hydrogen interaction with point defects in tungsten},
  author={Heinola, K and Ahlgren, T and Nordlund, K and Keinonen, J},
  journal={Physical Review B},
  volume={82},
  number={9},
  pages={094102},
  year={2010},
  publisher={APS}
}


@article{ohsawa2012configuration,
  title={Configuration and binding energy of multiple hydrogen atoms trapped in monovacancy in bcc transition metals},
  author={Ohsawa, Kazuhito and Eguchi, Keisuke and Watanabe, Hideo and Yamaguchi, Masatake and Yagi, Masatoshi},
  journal={Physical Review B},
  volume={85},
  number={9},
  pages={094102},
  year={2012},
  publisher={APS}
}


@article{grigorev2015interaction,
  title={Interaction of hydrogen with dislocations in tungsten: an atomistic study},
  author={Grigorev, Petr and Terentyev, Dmitry and Bonny, Giovanni and Zhurkin, Evgeny E and Van Oost, Guido and Noterdaeme, Jean-Marie},
  journal={Journal of Nuclear Materials},
  volume={465},
  pages={364--372},
  year={2015},
  publisher={Elsevier}
}


@article{wang1985diffusion,
  title={Diffusion of hydrogen, deuterium, and tritium on the (110) plane of tungsten},
  author={Wang, SC and Gomer, R},
  journal={The Journal of chemical physics},
  volume={83},
  number={8},
  pages={4193--4209},
  year={1985},
  publisher={AIP}
}


@article{pevcovnik2019influence,
  title={Influence of grain size on deuterium transport and retention in self-damaged tungsten},
  author={Pe{\v{c}}ovnik, Matic and Markelj, Sabina and Zalo{\v{z}}nik, An{\v{z}}e and Schwarz-Selinger, Thomas},
  journal={Journal of Nuclear Materials},
  volume={513},
  pages={198--208},
  year={2019},
  publisher={Elsevier}
}

@article{bonny2017interatomic,
  title={Interatomic potential to study plastic deformation in tungsten-rhenium alloys},
  author={Bonny, Giovanni and Bakaev, Alexander and Terentyev, Dmitry and Mastrikov, Yu A},
  journal={Journal of Applied Physics},
  volume={121},
  number={16},
  pages={165107},
  year={2017},
  publisher={AIP Publishing}
}


@article{juslin2005analytical,
  title={Analytical interatomic potential for modeling nonequilibrium processes in the W--C--H system},
  author={Juslin, N and Erhart, P and Tr{\"a}skelin, P and Nord, J and Henriksson, Krister OE and Nordlund, K and Salonen, E and Albe, K},
  journal={Journal of applied physics},
  volume={98},
  number={12},
  pages={123520},
  year={2005},
  publisher={AIP}
}


@article{jin2011first,
  title={First-principles investigation on the effect of carbon on hydrogen trapping in tungsten},
  author={Jin, Shuo and Liu, Yue-Lin and Zhou, Hong-Bo and Zhang, Ying and Lu, Guang-Hong},
  journal={Journal of Nuclear Materials},
  volume={415},
  number={1},
  pages={S709--S712},
  year={2011},
  publisher={Elsevier}
}


@comment{====== Tersoff style BOP potentials =======}
@article{tersoff1988new,
  title={New empirical approach for the structure and energy of covalent systems},
  author={Tersoff, Jerry},
  journal={Physical Review B},
  volume={37},
  number={12},
  pages={6991},
  year={1988},
  publisher={APS}
}


@comment{====== Brenner style BOP potentials =======}
@article{brenner1990empirical,
  title={Empirical potential for hydrocarbons for use in simulating the chemical vapor deposition of diamond films},
  author={Brenner, Donald W},
  journal={Physical review B},
  volume={42},
  number={15},
  pages={9458},
  year={1990},
  publisher={APS}
}


@comment{====== Finnis-Sinclair style BOP potentials =======}
@article{finnis1984simple,
  title={A simple empirical N-body potential for transition metals},
  author={Finnis, MW and Sinclair, JE},
  journal={Philosophical Magazine A},
  volume={50},
  number={1},
  pages={45--55},
  year={1984},
  publisher={Taylor \& Francis}
}


@inproceedings{shaw2009millisecond,
  title={Millisecond-scale molecular dynamics simulations on Anton},
  author={Shaw, David E and Dror, Ron O and Salmon, John K and Grossman, JP and Mackenzie, Kenneth M and Bank, Joseph A and Young, Cliff and Deneroff, Martin M and Batson, Brannon and Bowers, Kevin J and others},
  booktitle={Proceedings of the conference on high performance computing networking, storage and analysis},
  pages={39},
  year={2009},
  organization={ACM}
}


@article{ahlgren2019hydrogen,
  title={Hydrogen isotope exchange in tungsten during annealing in hydrogen atmosphere},
  author={Ahlgren, T and Jalkanen, P and Mizohata, K and Tuboltsev, V and R{\"a}is{\"a}nen, J and Heinola, K and Tikkanen, P},
  journal={Nuclear Fusion},
  volume={59},
  number={2},
  pages={026016},
  year={2019},
  publisher={IOP Publishing}
}


@article{tanabe2014review,
  title={Review of hydrogen retention in tungsten},
  author={Tanabe, T},
  journal={Physica Scripta},
  volume={2014},
  number={T159},
  pages={014044},
  year={2014},
  publisher={IOP Publishing}
}


@article{hodille2016study,
  title={Study of hydrogen isotopes behavior in tungsten by a multi trapping macroscopic rate equation model},
  author={Hodille, EA and Ferro, Yves and Fernandez, Nicolas and Becquart, CS and Angot, Thierry and Layet, Jean-Marc and Bisson, R{\'e}gis and Grisolia, Christian},
  journal={Physica Scripta},
  volume={2016},
  number={T167},
  pages={014011},
  year={2016},
  publisher={IOP Publishing}
}


@article{barton2015development,
  title={Development of an analytical diffusion model for modeling hydrogen isotope exchange},
  author={Barton, JL and Wang, YQ and Doerner, RP and Tynan, GR},
  journal={Journal of Nuclear Materials},
  volume={463},
  pages={1129--1133},
  year={2015},
  publisher={Elsevier}
}


@article{doyle1980saturation,
  title={Saturation and isotopic replacement of deuterium in low-Z materials},
  author={Doyle, BL and Wampler, WR and Brice, DK and Picraux, ST},
  journal={Journal of Nuclear Materials},
  volume={93},
  pages={551--557},
  year={1980},
  publisher={Elsevier}
}


@article{barton2014deuterium,
  title={Deuterium retention in tungsten after heavy ion damage and hydrogen isotope exchange in PISCES},
  author={Barton, JL and Wang, YQ and Dittmar, T and Doerner, RP and Tynan, GR},
  journal={Nuclear Instruments and Methods in Physics Research Section B: Beam Interactions with Materials and Atoms},
  volume={332},
  pages={275--279},
  year={2014},
  publisher={Elsevier}
}


@article{roth2013hydrogen,
  title={Hydrogen isotope exchange in tungsten: Discussion as removal method for tritium},
  author={Roth, J and Schwarz-Selinger, T and Alimov, V Kh and Markina, E},
  journal={Journal of Nuclear Materials},
  volume={432},
  number={1-3},
  pages={341--347},
  year={2013},
  publisher={Elsevier}
}


@article{alimov2011hydrogen,
  title={Hydrogen isotope exchange in tungsten irradiated sequentially with low-energy deuterium and protium ions},
  author={Alimov, V Kh and Tyburska-P{\"u}schel, B and Roth, J and Hatano, Y and Isobe, K and Matsuyama, M and Yamanishi, T and others},
  journal={Physica Scripta},
  volume={2011},
  number={T145},
  pages={014037},
  year={2011},
  publisher={IOP Publishing}
}


@book{atkins2006atkins,
  title={Atkins' physical chemistry},
  author={Atkins, Peter W and De Paula, Julio and Keeler, James},
  year={2006},
  publisher={Oxford University Press}
}


@comment{====== Born-Oppenheimer approximation =======}
@article{born1927quantentheorie,
  title={Zur quantentheorie der molekeln},
  author={Born, Max and Oppenheimer, Robert},
  journal={Annalen der physik},
  volume={389},
  number={20},
  pages={457--484},
  year={1927},
  publisher={Wiley Online Library}
}


@book{clayton1983principles,
  title={Principles of stellar evolution and nucleosynthesis},
  author={Clayton, Donald D},
  year={1983},
  publisher={University of Chicago press}
}


@book{crchandbook100,
  title={CRC Handbook of Chemistry and Physics, 100th Edition},
  author={John R. Rumble},
  year={June 2019},
  publisher={CRC Press }
}


@comment{====== Tokamak picture =======}
@inproceedings{li2014optimal,
  title={Optimal tracking for a divergent-type parabolic PDE system in current profile control},
  author={Li, S and Jiang, H and Ren, Z and Xu, C},
  booktitle={Abstract and Applied Analysis},
  volume={2014},
  year={2014},
  organization={Hindawi}
}


@article{janeschitz1995iter,
  title={The ITER divertor concept},
  author={Janeschitz, G and Borrass, K and Federici, G and Igitkhanov, Y and Kukushkin, A and Pacher, HD and Pacher, GW and Sugihara, M},
  journal={Journal of Nuclear Materials},
  volume={220},
  pages={73--88},
  year={1995},
  publisher={Elsevier}
}


@article{davis1998assessment,
  title={Assessment of tungsten for use in the ITER plasma facing components},
  author={Davis, JW and Barabash, VR and Makhankov, A and Pl{\"o}chl, L and Slattery, KT},
  journal={Journal of nuclear materials},
  volume={258},
  pages={308--312},
  year={1998},
  publisher={Elsevier}
}


@article{raffray2012overview,
  title={Overview of the design and R\&D of the ITER blanket system},
  author={Raffray, A Rene and Merola, Mario and others},
  journal={Fusion Engineering and Design},
  volume={87},
  number={5-6},
  pages={769--776},
  year={2012},
  publisher={Elsevier}
}


@comment{====== The Polak-Ribiere Conugate Gradient minimization method =======}
@article{polak1969note,
  title={Note sur la convergence de directions conjug{\'e}es. Rev. Francaise Informat},
  author={Polak, E and Ribiere, G},
  journal={Recherche Opertionelle, 3e ann{\'e}e},
  volume={16},
  pages={35--43},
  year={1969}
}


@article{kopasz1994tritium,
  title={Tritium release from lithium titanate, a low-activation tritium breeding material},
  author={Kopasz, JP and Miller, JM and Johnson, CE},
  journal={Journal of nuclear materials},
  volume={212},
  pages={927--931},
  year={1994},
  publisher={Elsevier}
}


@article{giancarli2012overview,
  title={Overview of the ITER TBM Program},
  author={Giancarli, LM and Abdou, M and Campbell, DJ and Chuyanov, VA and Ahn, MY and Enoeda, M and Pan, C and Poitevin, Y and Kumar, E Rajendra and Ricapito, I and others},
  journal={Fusion Engineering and Design},
  volume={87},
  number={5-6},
  pages={395--402},
  year={2012},
  publisher={Elsevier}
}


@article{roth2008tritium,
  title={Tritium inventory in ITER plasma-facing materials and tritium removal procedures},
  author={Roth, Joachim and Tsitrone, Emmanuelle and Loarer, Thierry and Philipps, Volker and Brezinsek, Sebastijan and Loarte, Alberto and Counsell, Glenn F and Doerner, Russell P and Schmid, Klaus and Ogorodnikova, Olga V and others},
  journal={Plasma Physics and Controlled Fusion},
  volume={50},
  number={10},
  pages={103001},
  year={2008},
  publisher={IOP Publishing}
}


@article{heinola2017long,
  title={Long-term fuel retention and release in JET ITER-Like Wall at ITER-relevant baking temperatures},
  author={Heinola, Kalle and Likonen, Jari and Ahlgren, Tommy and Brezinsek, Sebastijan and De Temmerman, Gregory and Jepu, Ionut and Matthews, GF and Pitts, RA and Widdowson, Anna and Contributors, JET},
  journal={Nuclear Fusion},
  volume={57},
  number={8},
  pages={086024},
  year={2017},
  publisher={IOP Publishing}
}


@article{gibson2005removal,
  title={The removal of co-deposited hydrocarbon films from plasma facing components using high-power pulsed flashlamp irradiation},
  author={Gibson, KJ and Counsell, GF and Curran, C and Forrest, MJ and Kay, MJ and Watkins, KG},
  journal={Journal of nuclear materials},
  volume={337},
  pages={565--569},
  year={2005},
  publisher={Elsevier}
}


@article{skinner2008recent,
  title={Recent advances on hydrogen retention in ITER's plasma-facing materials: Beryllium, carbon, and tungsten},
  author={Skinner, CH and Haasz, AA and Alimov, V Kh and Bekris, N and Causey, RA and Clark, REH and Coad, JP and Davis, JW and Doerner, RP and Mayer, M and others},
  journal={Fusion Science and Technology},
  volume={54},
  number={4},
  pages={891--945},
  year={2008},
  publisher={Taylor \& Francis}
}


@article{de2017efficiency,
  title={Efficiency of thermal outgassing for tritium retention measurement and removal in ITER},
  author={De Temmerman, G and Baldwin, MJ and Anthoine, D and Heinola, K and Jan, A and Jepu, I and Likonen, J and Lungu, CP and Porosnicu, C and Pitts, RA},
  journal={Nuclear materials and energy},
  volume={12},
  pages={267--272},
  year={2017},
  publisher={Elsevier}
}

@misc{tritiumHealth,
  title = {Backgrounder on Tritium, Radiation Protection Limits, and Drinking Water Standards},
  journal={US Nuclear Regulatory Commission},
  url = {https://www.nrc.gov/reading-rm/doc-collections/fact-sheets/tritium-radiation-fs.html},
  note = {Acessed 3.7.2020}
}

@article{hirel2015atomsk,
  title={Atomsk: a tool for manipulating and converting atomic data files},
  author={Hirel, Pierre},
  journal={Computer Physics Communications},
  volume={197},
  pages={212--219},
  year={2015},
  publisher={Elsevier}
}

@article{choe2000determination,
  title={Determination of proper time step for molecular dynamics simulation},
  author={Choe, Jong-In and Kim, Byungchul},
  journal={BULLETIN-KOREAN CHEMICAL SOCIETY},
  volume={21},
  number={4},
  pages={419--424},
  year={2000},
  publisher={Korean Chemical Society}
}

@article{verlet1967computer,
  title={Computer" experiments" on classical fluids. I. Thermodynamical properties of Lennard-Jones molecules},
  author={Verlet, Loup},
  journal={Physical review},
  volume={159},
  number={1},
  pages={98},
  year={1967},
  publisher={APS}
}

@misc{finnishGridAndCloud,
  author = "{Finnish grid and cloud infrastructure}",
  note = {urn:nbn:fi:research-infras-2016072533}
}


